@misc{JWT,
    author = "IETF",
    title = "RFC 7519 - JSON Web Token (JWT)",
    year = "mar√ß de 2022",
    note = {Disponible a \url{https://datatracker.ietf.org/doc/html/rfc7519}}
}
@misc{Hays,
    author = "Hays",
    title = "GUIA-DEL-MERCADO-LABORAL-2022-HAYS.pdf",
    year = "juny de 2022",
    note = {Disponible a \url{https://www.legaltoday.com/wp-content/uploads/2022/01/GUIA-DEL-MERCADO-LABORAL-2022-HAYS.pdf}}
}
@misc{JetBrains,
    author = "JetBrains",
    title = "DataGrip: The Cross-Platform IDE for Databases and SQL by JetBrains",
    year = "desembre de 2022",
    note = {Disponible a \url{https://www.jetbrains.com/datagrip/}}
}

% node, npm, express, sequelize, mysql, .... tots els paquets npm, 